@ONLINE{ht_intel,
	title = {Intel® Hyper-Threading Technology},
	url = {http://www.intel.com/content/www/us/en/architecture-and-technology/hyper-threading/hyper-threading-technology.html/}
}

@BOOK{cg_textbook,
	author = "孙家广 胡事民",
	year = "2009",
	title = "计算机图形学基础教程",
	publisher = "清华大学出版社",
	edition = "第2版"
}

@article{kd_tree,
	title = {Fast Ray Tracing Using K-D Trees},
	author = {Donald Fussell, K. R. Subramanian}
}
